@ARTICLE{Rabiner1989, 
author={L. R. Rabiner}, 
journal={Proceedings of the IEEE}, 
title={A tutorial on hidden Markov models and selected applications in speech recognition}, 
year={1989}, 
volume={77}, 
number={2}, 
pages={257-286}, 
keywords={Markov processes;speech recognition;balls-in-urns system;coin-tossing;discrete Markov chains;ergodic models;hidden Markov models;hidden states;left-right models;probabilistic function;speech recognition;Distortion;Hidden Markov models;Mathematical model;Multiple signal classification;Signal processing;Speech recognition;Statistical analysis;Stochastic processes;Temperature measurement;Tutorial}, 
doi={10.1109/5.18626}, 
ISSN={0018-9219}, 
month={Feb},}